@misc{BLIND,
  author = {Stacy Kelly},
  editor = {{American Foundation for the Blind}},
  title = {Prevalence Rates of Visual Impairment for New York State and NY City},
  howpublished = "\url{http://www.afb.org/info/blindness-statistics/state-specific-statistical-information/new-york-state-and-new-york-city/235}",
  note = {Accessed: 04-22-2017},
}

@misc{CENCUS_ESTIMATE,
  editor = {{NYC.gov}},
  title = {Current Estimates  of New York City's Population for July 2016},
  howpublished = "\url{http://www1.nyc.gov/site/planning/data-maps/nyc-population/current-future-populations.page}",
  note = {Accessed: 04-22-2017},
}

@misc{VISAUL_IMPAIRMENT_DEF,
  editor = {{ok.gov}},
  title = {Definition of Visual Impairment under IDEA},
  howpublished = "\url{http://sde.ok.gov/sde/sites/ok.gov.sde/files/Visual%20Impairment_2.pdf}",
  note = {Accessed: 04-22-2017},
}

@article{doi:10.1001/archopht.120.6.774,
author = {West SK and Rubin GS and Broman AT and et al},
title = {How does visual impairment affect performance on tasks of everyday life? The see project},
journal = {Archives of Ophthalmology},
volume = {120},
number = {6},
pages = {774-780},
year = {2002},
doi = {10.1001/archopht.120.6.774},
URL = { + http://dx.doi.org/10.1001/archopht.120.6.774},
eprint = {/data/journals/ophth/6800/eeb10008.pdf}
}